3792 4784
227 571 335 768 1332,
355 636 554 731 diutiffim'e
584 649 714 731 seruet
744 651 1005 749 incolumem,
1049 656 1088 735 dt
1116 657 1160 735 in'
1180 683 1294 740 omne
1320 665 1461 744 bonum
1485 689 1582 771 opus
1605 667 1717 746 adam

229 783 326 846 ,ει-ι,
353 769 455 852 gest.
623 765 627 774 “
747 779 749 786 ’
881 793 906 808 e

280 873 283 878 ’
414 871 433 910 ’
454 855 517 968 Sed
541 891 644 968 neque
665 874 808 966 geminos
829 875 922 940 huius
947 880 1019 942 anni
1043 877 1180 946 illustres
1208 900 1243 952 ac
1262 859 1446 963 maenificos
1466 879 1618 946 liestores
1637 897 1719 964 prae·

333 993 336 1000 .
448 957 756 1050 tertrenobrslncct,
780 957 998 1026 Ferdinmtdum
1009 961 1366 1047 Khoenium&loumttm
1375 965 1603 1050 Austeraedt'umt
1625 966 1719 1046 quip-

473 1056 491 1099 e
510 1056 565 1130 qun
585 1039 659 1102 inde
677 1039 715 1101 ab
733 1058 816 1102 anno
837 1045 1169 1128 1578.quoiuscripti
1188 1045 1276 1115 sunt,
1298 1046 1344 1108 ita
1366 1047 1430 1110 sese
1445 1046 1620 1128 probarunt
1634 1047 1720 1107 Aca·
1786 1123 1788 1126 Α

448 1055 1023 1268 {efflasvp'ppunectplrttpitlppsfillzarprpm
1031 1125 1215 1271 lsugpagiim
1236 1129 1266 1190 dt
1278 1128 1356 1191 laeto
1367 1127 1551 1203 scholarum
1563 1125 1718 1210 applausu
1891 1152 1892 1163 ¹

955 1226 974 1268 u
1012 1227 1061 1270 ΕΒ
1096 1227 1120 1271 1.

419 1396 430 1414 .
510 1303 602 1380 Erat
625 1302 784 1382 Khuenius
804 1305 1025 1384 adolescens
1050 1309 1213 1386 heroice
1236 1308 1393 1386 omniuo
1414 1308 1554 1385 indolis
1577 1306 1613 1385 ἃ
1637 1305 1718 1407 spei
1765 1359 1770 1366 -
1891 1310 1892 1317 '

348 1419 373 1474 o
400 1411 513 1484 tuus.
563 1403 701 1481 Patens
726 1405 808 1482 eius
837 1407 891 1481 est
923 1406 1077 1483 illustris
1098 1407 1135 1483 ἃ
1160 1404 1368 1504 generosus
1380 1406 1567 1484 Dominus
1582 1407 1718 1480 lacobus

401 1499 579 1578 uen‘Bato
605 1501 678 1584 dre.
698 1511 819 1600 eques
846 1521 1025 1591 auratus,
1049 1505 1337 1602 salisburgensis
1351 1503 1718 1603 Arcbiepiscopatas

348 1596 586 1706 Camerarius
616 1602 895 1694 hereditarius,
932 1599 1095 1679 summus
1126 1603 1356 1702 capitaneus
1381 1603 1415 1679 e
1444 1597 1645 1698 prefectus
1674 1599 1716 1675 iu

268 1722 272 1730 =
346 1689 514 1769 Mrldorf
531 1695 568 1772 ἃ
592 1697 772 1774 Mittetsil
795 1699 869 1778 &m
893 1701 1009 1776 habet
1036 1698 1280 1776 matrimonio
1305 1699 1370 1775 fibi
1387 1699 1629 1775 coniunctam
1649 1697 1717 1772 elt-

338 1787 538 1887 [talutium¹
573 1795 781 1872 ex'illustri
800 1797 985 1874 baronum
1006 1822 1028 1872 a
1055 1795 1257 1892 lbanhausen
1282 1793 1594 1885 sterilissimum,
1636 1817 1717 1890 que

345 1888 502 1966 vnieum
535 1891 634 1968 hunc
661 1916 714 1971 ex
736 1894 853 1968 Iacobo
873 1893 985 1991 Kduen
1004 1895 1150 1971 Barone
1169 1896 1248 1975 uc.
1270 1892 1507 1995 superstitem
1533 1895 1649 1969 babet
1673 1891 1716 1970 fi-

345 1984 460 2080 liuntt
494 1994 543 2096 de
567 1983 709 2066 familia
745 1987 1002 2092 lbanbaufiotum
1028 1993 1116 2069 vide
1137 1990 1244 2090 supra
1272 1994 1425 2090 (1543.)
1451 1991 1596 2072 claruit
1610 1988 1719 2067 Kbut-

258 2169 266 2180 ¹
345 2105 456 2160 norum
482 2083 624 2164 semilis
645 2088 719 2164 iam
745 2088 873 2166 multis
899 2091 1006 2166 aunis
1031 2089 1074 2165 in
1095 2089 1484 2187 sesaminum-primi
1505 2089 1716 2186 lmperato·

195 2209 198 2218 ·
345 2180 426 2274 ris,
461 2183 498 2260 dt
520 2184 640 2264 adhuc
663 2187 784 2264 claret
809 2186 848 2262 in
873 2185 1041 2264 eiusdem
1065 2203 1251 2286 nepotum
1275 2189 1379 2275 aula,
1405 2186 1718 2263 &scelestiora

221 2354 233 2380 -.
343 2278 396 2355 tis
412 2282 573 2359 habetet
595 2304 748 2380 parum,
771 2283 830 2361 vti
854 2284 1054 2384 plurimum
1075 2284 1223 2384 semper
1235 2284 1389 2376 habuit,
1417 2282 1471 2359 sat
1484 2306 1562 2360 vno
1579 2281 1718 2360 Archi·

269 2467 276 2479 ⁵
346 2374 529 2490 episcopo
552 2380 847 2493 salisbulgenli‚
879 2383 1037 2459 lonunn
1061 2386 1210 2460 lacoso
1233 2381 1369 2476 Khucn,
1397 2382 1516 2458 nostri
1540 2379 1717 2478 Magnifi-

346 2497 382 2551 ca
406 2475 563 2552 Domini
585 2475 762 2555 Restotns
782 2478 979 2554 Fetdinandt'
1001 2480 1168 2577 parentis
1190 2476 1312 2556 fratre
1332 2473 1540 2569 claruisset,
1572 2478 1718 2577 dequo

343 2583 507 2675 totaque
532 2569 676 2652 familia
701 2576 869 2652 dicerem
891 2577 1114 2675 plura,nis1
1142 2597 1205 2682 tes
1218 2555 1304 2676 ipsa
1325 2574 1452 2675 perse
1474 2576 1717 2674 loqueretur.

409 2693 644 2781 *Ansttraedius
659 2711 726 2760 erat
748 2694 933 2762 Leodiensrs
951 2695 1151 2782 Episcopi&
1173 2696 1206 2774 S,
1228 2695 1269 2761 R.
1290 2693 1330 2766 Ε.
1351 2695 1530 2760 cardinatis
1558 2695 1717 2761 Genuam
1740 2736 1748 2746 ι

452 2779 628 2844 Groesbtckii
647 2797 690 2842 es
715 2779 822 2842 sorore
838 2797 952 2864 nepos.
994 2779 1189 2842 Adduxetat
1208 2777 1236 2840 is
1254 2776 1358 2841 secum
1378 2779 1514 2843 [uanum
1537 2776 1717 2847 Groesbttii·

443 2881 494 2925 tem
517 2857 727 2931 Gelinensem,
750 2860 888 2924 eiusdem
908 2859 1068 2925 Genuam
1081 2858 1258 2923 Cardinalis
1274 2878 1317 2923 ex
1331 2857 1428 2922 fratre
1444 2872 1608 2942 nepotem.
1627 2904 1629 2907 -
1650 2857 1718 2922 An·

439 2939 574 3027 fltraedio
599 2939 736 3014 Reslote
760 2941 939 3009 Bonhomitts
959 2941 1137 3007 Cardinalis
1156 2939 1351 3022 ingolstadio
1368 2939 1524 3003 Viennam
1548 2940 1718 3010 transiens,

289 3090 294 3099 .
448 3031 550 3084 rarum
570 3023 731 3086 modestiae
755 3025 938 3107 exemplum
958 3019 1210 3105 praeboit‚‘cum
1229 3022 1263 3083 in
1288 3022 1340 3086 die
1357 3017 1564 3089 Pamsueues,
1595 3041 1660 3104 quo
1676 3019 1714 3083 B.

338 3108 345 3114 '
446 3101 592 3184 Virginis
608 3103 766 3168 sodalitas
780 3105 867 3188 piam
881 3105 1146 3188 supplicationem
1157 3104 1431 3174 circumducebat,
1456 3104 1594 3186 priorem
1610 3105 1718 3165 locum

187 3191 190 3198 ⁴
446 3187 578 3250 honoris
600 3183 701 3250 caussa
716 3181 873 3250 Praefesio
894 3186 972 3250 sacri
990 3186 1077 3250 illius
1096 3199 1195 3248 caetus
1241 3188 1454 3248 ernnmanitet
1465 3185 1598 3252 detulit,
1620 3198 1717 3265 atque

400 3321 407 3330 .
433 3283 481 3331 ’τε
499 3265 567 3349 ipsa
585 3267 680 3343 etiam
699 3263 807 3347 ceslit3
844 3268 930 3352 quod
950 3282 1076 3352 aequum
1097 3264 1161 3329 esic
1182 3285 1200 3330 a
1286 3283 1371 3339 aret,
1400 3281 1438 3330 vt
1460 3267 1517 3329 vbi
1539 3281 1626 3330 tanta
1646 3283 1719 3326 com

446 3348 602 3430 religione
625 3362 728 3444 totum
758 3347 1026 3442 Congregationis
1046 3348 1393 3442 corpushin'publicum
1409 3346 1616 3432 procederet,
1638 3342 1720 3408 eius·

447 3430 520 3495 dem
542 3428 1396 3606 cppupnpppnppprprglpzempppsplspprpnpfippooececduertreutnt
1413 3509 1544 3596 speciali
1562 3510 1603 3577 ad
1614 3510 1719 3595 posse·

447 3602 501 3655 ros
521 3611 674 3658 memoria
694 3593 794 3674 digni.
1338 3646 1343 3655 .
1717 3620 1722 3629 ·

512 3694 539 3774 1.
567 3691 755 3770 Dominus
785 3691 871 3771 otho
903 3700 1012 3769 enno
1034 3689 1269 3790 aMansseld,
1302 3692 1410 3770 cuius
1427 3691 1592 3771 maiores
1613 3691 1718 3770 domi

348 3783 545 3889 forisque,
575 3789 679 3888 pacis
710 3791 881 3894 bellique
913 3791 1068 3883 studiis,
1096 3805 1252 3890 tamque
1280 3789 1572 3884 Ecclesiasticis,
1606 3811 1719 3889 quam

348 3887 519 3989 politicis
544 3887 790 3986 dignitatibus
815 3892 1006 3970 claluere.
1055 3885 1139 3988 lpse
1161 3909 1259 3964 vero
1276 3885 1419 3966 Comes
1441 3886 1527 3966 Otho
1550 3911 1628 3965 non
1650 3887 1721 3962 mi·
1789 3945 1800 3954 .

348 4009 484 4086 norem
504 4007 634 4078 tetum
655 3987 901 4066 maximarum
909 3987 1021 4100 'spem
1030 3987 1079 4063 de
1087 3982 1126 4062 se
1138 3987 1322 4080 exhibet,
1348 3985 1611 4085 pulcherrimis
1623 3985 1725 4060 mul·-

349 4100 473 4180 tarum
499 4085 685 4162 uirtutum
706 4103 939 4161 ornamentis
954 4083 1290 4176 commendabilis,
1318 4084 1443 4182 magni
1460 4085 1574 4161 animi
1588 4085 1720 4177 beros,

267 4287 286 4300 ν
350 4181 392 4264 δι·
411 4197 489 4263 tam
516 4181 766 4276 eruditione,
800 4182 1136 4286 inmunitamque,
1173 4203 1286 4282 quam
1312 4183 1517 4263 nobilitate
1538 4183 1576 4262 dt
1597 4203 1720 4357 grelpe·
