<?xml version="1.0" encoding="UTF-8"?>
<!DOCTYPE html PUBLIC "-//W3C//DTD XHTML 1.0 Transitional//EN"
    "http://www.w3.org/TR/xhtml1/DTD/xhtml1-transitional.dtd">
<html xmlns="http://www.w3.org/1999/xhtml" xml:lang="en" lang="en">
 <head>
  <title>
</title>
<meta http-equiv="Content-Type" content="text/html;charset=utf-8" />
  <meta name='ocr-system' content='tesseract 3.04.00' />
  <meta name='ocr-capabilities' content='ocr_page ocr_carea ocr_par ocr_line ocrx_word'/>
</head>
<body>
  <div class='ocr_page' id='page_1' title='image "annalesingolsta00ingogoog_0077.png"; bbox 0 0 3792 4784; ppageno 0'>
   <div class='ocr_carea' id='block_1_1' title="bbox 111 343 1478 515">
    <p class='ocr_par' dir='ltr' id='par_1_1' title="bbox 111 343 1478 515">
     <span class='ocr_line' id='line_1_1' title="bbox 111 343 1478 515; baseline 0.018 -69"><span class='ocrx_word' id='word_1_1' title='bbox 111 375 230 515; x_wconf 38' lang='grc' dir='ltr'><strong><em>Γ</em></strong></span> <span class='ocrx_word' id='word_1_2' title='bbox 279 443 302 456; x_wconf 78' lang='grc'>,,</span> <span class='ocrx_word' id='word_1_3' title='bbox 389 349 421 362; x_wconf 77' lang='grc'>”</span> <span class='ocrx_word' id='word_1_4' title='bbox 501 473 504 483; x_wconf 47' lang='grc'>,</span> <span class='ocrx_word' id='word_1_5' title='bbox 580 377 868 470; x_wconf 77' lang='lat' dir='ltr'>lucousrtn.</span> <span class='ocrx_word' id='word_1_6' title='bbox 899 375 1023 468; x_wconf 77' lang='lat' dir='ltr'>Pans</span> <span class='ocrx_word' id='word_1_7' title='bbox 1054 343 1128 469; x_wconf 55' lang='lat' dir='ltr'>11ss</span> <span class='ocrx_word' id='word_1_8' title='bbox 1203 363 1207 371; x_wconf 71' lang='grc'><em>’</em></span> <span class='ocrx_word' id='word_1_9' title='bbox 1285 360 1323 446; x_wconf 70' lang='lat' dir='ltr'>s</span> <span class='ocrx_word' id='word_1_10' title='bbox 1426 379 1478 473; x_wconf 89' lang='lat'>61</span> 
     </span>
    </p>
   </div>
   <div class='ocr_carea' id='block_1_2' title="bbox 32 535 1863 4217">
    <p class='ocr_par' dir='ltr' id='par_1_2' title="bbox 153 535 1766 980">
     <span class='ocr_line' id='line_1_2' title="bbox 166 535 1766 591; baseline 0.001 -8"><span class='ocrx_word' id='word_1_11' title='bbox 166 535 1535 591; x_wconf 45' lang='lat' dir='ltr'>mm</span> <span class='ocrx_word' id='word_1_12' title='bbox 1762 551 1766 556; x_wconf 94' lang='lat'>·</span> 
     </span>
     <span class='ocr_line' id='line_1_3' title="bbox 153 601 1668 790; baseline 0 -30"><span class='ocrx_word' id='word_1_13' title='bbox 153 673 324 787; x_wconf 72' lang='lat' dir='ltr'>lOlgr&#39;rrclr&#39;</span> <span class='ocrx_word' id='word_1_14' title='bbox 346 683 466 776; x_wconf 87' lang='lat' dir='ltr'>lilios,</span> <span class='ocrx_word' id='word_1_15' title='bbox 491 699 536 760; x_wconf 88' lang='lat' dir='ltr'>vt</span> <span class='ocrx_word' id='word_1_16' title='bbox 559 699 651 760; x_wconf 89' lang='lat' dir='ltr'>natu</span> <span class='ocrx_word' id='word_1_17' title='bbox 677 699 760 760; x_wconf 87' lang='lat' dir='ltr'>erat</span> <span class='ocrx_word' id='word_1_18' title='bbox 786 705 886 782; x_wconf 90' lang='lat' dir='ltr'>pene</span> <span class='ocrx_word' id='word_1_19' title='bbox 906 682 1092 760; x_wconf 82' lang='lat' dir='ltr'>maximus</span> <span class='ocrx_word' id='word_1_20' title='bbox 1117 681 1257 786; x_wconf 72' lang='lat' dir='ltr'>lupello,</span> <span class='ocrx_word' id='word_1_21' title='bbox 1285 699 1393 760; x_wconf 89' lang='lat' dir='ltr'>certe</span> <span class='ocrx_word' id='word_1_22' title='bbox 1414 662 1535 760; x_wconf 69' lang='lat' dir='ltr'>frat&#39;re</span> <span class='ocrx_word' id='word_1_23' title='bbox 1559 601 1668 790; x_wconf 51' lang='lat'>13⁴0,</span> 
     </span>
     <span class='ocr_line' id='line_1_4' title="bbox 165 781 1660 882; baseline 0.003 -25"><span class='ocrx_word' id='word_1_24' title='bbox 165 783 351 858; x_wconf 80' lang='lat' dir='ltr'>Wrdr‘mr&#39;m</span> <span class='ocrx_word' id='word_1_25' title='bbox 370 782 569 882; x_wconf 79' lang='lat' dir='ltr'>grandior,</span> <span class='ocrx_word' id='word_1_26' title='bbox 594 783 650 860; x_wconf 86' lang='lat' dir='ltr'>ita</span> <span class='ocrx_word' id='word_1_27' title='bbox 673 783 820 862; x_wconf 77' lang='lat' dir='ltr'>ceteris</span> <span class='ocrx_word' id='word_1_28' title='bbox 841 805 998 880; x_wconf 88' lang='lat' dir='ltr'>quoque</span> <span class='ocrx_word' id='word_1_29' title='bbox 1012 782 1168 880; x_wconf 88' lang='lat' dir='ltr'>ingenio</span> <span class='ocrx_word' id='word_1_30' title='bbox 1185 787 1368 872; x_wconf 87' lang='lat' dir='ltr'>heroico,</span> <span class='ocrx_word' id='word_1_31' title='bbox 1394 781 1536 879; x_wconf 88' lang='lat' dir='ltr'>sapien·</span> <span class='ocrx_word' id='word_1_32' title='bbox 1562 803 1660 861; x_wconf 62' lang='grc' dir='ltr'>Ε</span> 
     </span>
     <span class='ocr_line' id='line_1_5' title="bbox 163 877 1687 980; baseline -0.001 -25"><span class='ocrx_word' id='word_1_33' title='bbox 163 881 241 974; x_wconf 84' lang='lat' dir='ltr'>tia,</span> <span class='ocrx_word' id='word_1_34' title='bbox 268 883 462 980; x_wconf 76' lang='lat' dir='ltr'><strong>animique</strong></span> <span class='ocrx_word' id='word_1_35' title='bbox 483 877 737 973; x_wconf 82' lang='lat' dir='ltr'>fortitudine,</span> <span class='ocrx_word' id='word_1_36' title='bbox 765 881 959 979; x_wconf 79' lang='lat' dir='ltr'>prestabat</span> <span class='ocrx_word' id='word_1_37' title='bbox 980 877 1106 956; x_wconf 83' lang='lat' dir='ltr'>facile.</span> <span class='ocrx_word' id='word_1_38' title='bbox 1157 880 1226 956; x_wconf 92' lang='lat' dir='ltr'>llle</span> <span class='ocrx_word' id='word_1_39' title='bbox 1250 904 1335 955; x_wconf 87' lang='lat' dir='ltr'>cunr</span> <span class='ocrx_word' id='word_1_40' title='bbox 1360 881 1543 956; x_wconf 61' lang='lat' dir='ltr'>circaane</span> <span class='ocrx_word' id='word_1_41' title='bbox 1684 895 1687 900; x_wconf 86' lang='grc'><strong><em>·</em></strong></span> 
     </span>
    </p>

    <p class='ocr_par' dir='ltr' id='par_1_3' title="bbox 32 975 1682 2547">
     <span class='ocr_line' id='line_1_6' title="bbox 32 975 1539 1077; baseline -0.001 -23"><span class='ocrx_word' id='word_1_42' title='bbox 32 1059 34 1064; x_wconf 68' lang='lat'>,</span> <span class='ocrx_word' id='word_1_43' title='bbox 162 1001 256 1054; x_wconf 87' lang='lat' dir='ltr'>num</span> <span class='ocrx_word' id='word_1_44' title='bbox 293 992 399 1075; x_wconf 54' lang='lat'>1380,</span> <span class='ocrx_word' id='word_1_45' title='bbox 424 975 583 1076; x_wconf 86' lang='lat' dir='ltr'>regnum</span> <span class='ocrx_word' id='word_1_46' title='bbox 617 979 781 1056; x_wconf 80' lang='lat' dir='ltr'>Polonia</span> <span class='ocrx_word' id='word_1_47' title='bbox 805 1000 967 1070; x_wconf 86' lang='lat' dir='ltr'>vacare,</span> <span class='ocrx_word' id='word_1_48' title='bbox 1000 999 1193 1077; x_wconf 78' lang='lat' dir='ltr'>unamque</span> <span class='ocrx_word' id='word_1_49' title='bbox 1220 989 1366 1052; x_wconf 86' lang='lat' dir='ltr'>tantum</span> <span class='ocrx_word' id='word_1_50' title='bbox 1394 979 1539 1068; x_wconf 84' lang='lat' dir='ltr'>filiam,</span> 
     </span>
     <span class='ocr_line' id='line_1_7' title="bbox 162 1077 1538 1176; baseline 0 -24"><span class='ocrx_word' id='word_1_51' title='bbox 162 1077 325 1152; x_wconf 88' lang='lat' dir='ltr'>nornine</span> <span class='ocrx_word' id='word_1_52' title='bbox 355 1077 579 1154; x_wconf 79' lang='lat' dir='ltr'>unnwrcm</span> <span class='ocrx_word' id='word_1_53' title='bbox 603 1101 655 1154; x_wconf 83' lang='lat' dir='ltr'>ex</span> <span class='ocrx_word' id='word_1_54' title='bbox 678 1079 889 1153; x_wconf 82' lang='lat' dir='ltr'>Lvuovrco</span> <span class='ocrx_word' id='word_1_55' title='bbox 912 1097 1007 1176; x_wconf 87' lang='lat' dir='ltr'>rege</span> <span class='ocrx_word' id='word_1_56' title='bbox 1036 1077 1198 1152; x_wconf 80' lang='lat' dir='ltr'>Polonia</span> <span class='ocrx_word' id='word_1_57' title='bbox 1215 1077 1252 1153; x_wconf 64' lang='grc' dir='ltr'>ἃ</span> <span class='ocrx_word' id='word_1_58' title='bbox 1276 1077 1475 1174; x_wconf 80' lang='lat' dir='ltr'>Vngaria,</span> <span class='ocrx_word' id='word_1_59' title='bbox 1499 1077 1538 1152; x_wconf 71' lang='lat' dir='ltr'>br</span> 
     </span>
     <span class='ocr_line' id='line_1_8' title="bbox 166 1174 1538 1288; baseline -0.001 -37"><span class='ocrx_word' id='word_1_60' title='bbox 166 1175 467 1251; x_wconf 74' lang='lat' dir='ltr'>MAaunneruu</span> <span class='ocrx_word' id='word_1_61' title='bbox 494 1179 683 1252; x_wconf 77' lang='lat' dir='ltr'>Cnsrnurtr</span> <span class='ocrx_word' id='word_1_62' title='bbox 706 1175 860 1272; x_wconf 84' lang='lat' dir='ltr'>secundi</span> <span class='ocrx_word' id='word_1_63' title='bbox 881 1178 993 1274; x_wconf 86' lang='lat' dir='ltr'>regis</span> <span class='ocrx_word' id='word_1_64' title='bbox 1008 1175 1173 1251; x_wconf 78' lang='lat' dir='ltr'>Polonia</span> <span class='ocrx_word' id='word_1_65' title='bbox 1197 1176 1272 1250; x_wconf 84' lang='lat' dir='ltr'>filia</span> <span class='ocrx_word' id='word_1_66' title='bbox 1294 1174 1538 1288; x_wconf 82' lang='lat' dir='ltr'>progenitam</span> 
     </span>
     <span class='ocr_line' id='line_1_9' title="bbox 164 1272 1536 1375; baseline -0.001 -28"><span class='ocrx_word' id='word_1_67' title='bbox 164 1276 183 1366; x_wconf 90' lang='lat'><strong>(</strong></span> <span class='ocrx_word' id='word_1_68' title='bbox 194 1295 354 1370; x_wconf 87' lang='lat' dir='ltr'>regnum</span> <span class='ocrx_word' id='word_1_69' title='bbox 379 1273 481 1350; x_wconf 91' lang='lat' dir='ltr'>euim</span> <span class='ocrx_word' id='word_1_70' title='bbox 502 1273 668 1350; x_wconf 82' lang='lat' dir='ltr'>Poloniae</span> <span class='ocrx_word' id='word_1_71' title='bbox 692 1272 785 1371; x_wconf 80' lang='lat' dir='ltr'>sepe</span> <span class='ocrx_word' id='word_1_72' title='bbox 801 1273 839 1348; x_wconf 94' lang='lat' dir='ltr'>in</span> <span class='ocrx_word' id='word_1_73' title='bbox 860 1273 1048 1350; x_wconf 81' lang='lat' dir='ltr'>muliebre</span> <span class='ocrx_word' id='word_1_74' title='bbox 1062 1297 1206 1375; x_wconf 90' lang='lat' dir='ltr'>genus,</span> <span class='ocrx_word' id='word_1_75' title='bbox 1232 1272 1334 1350; x_wconf 82' lang='lat' dir='ltr'>virili</span> <span class='ocrx_word' id='word_1_76' title='bbox 1352 1273 1536 1348; x_wconf 84' lang='lat' dir='ltr'>delicien-</span> 
     </span>
     <span class='ocr_line' id='line_1_10' title="bbox 164 1368 1550 1471; baseline -0.001 -26"><span class='ocrx_word' id='word_1_77' title='bbox 164 1385 208 1446; x_wconf 91' lang='lat' dir='ltr'>te</span> <span class='ocrx_word' id='word_1_78' title='bbox 239 1374 330 1464; x_wconf 80' lang='lat' dir='ltr'>l&#39;exu</span> <span class='ocrx_word' id='word_1_79' title='bbox 346 1427 360 1468; x_wconf 86' lang='lat'>‚</span> <span class='ocrx_word' id='word_1_80' title='bbox 375 1417 382 1424; x_wconf 68' lang='grc'><strong>«</strong></span> <span class='ocrx_word' id='word_1_81' title='bbox 399 1375 621 1449; x_wconf 84' lang='lat' dir='ltr'>translatum</span> <span class='ocrx_word' id='word_1_82' title='bbox 644 1389 805 1449; x_wconf 86' lang='lat' dir='ltr'>exteros</span> <span class='ocrx_word' id='word_1_83' title='bbox 829 1373 1028 1471; x_wconf 84' lang='lat' dir='ltr'>acquisruit</span> <span class='ocrx_word' id='word_1_84' title='bbox 1051 1374 1251 1468; x_wconf 86' lang='lat' dir='ltr'>dominos)</span> <span class='ocrx_word' id='word_1_85' title='bbox 1279 1371 1400 1448; x_wconf 90' lang='lat' dir='ltr'>totius</span> <span class='ocrx_word' id='word_1_86' title='bbox 1427 1368 1550 1465; x_wconf 64' lang='lat' dir='ltr'>regni&gt;</span> 
     </span>
     <span class='ocr_line' id='line_1_11' title="bbox 164 1463 1537 1570; baseline -0.002 -24"><span class='ocrx_word' id='word_1_87' title='bbox 164 1469 355 1558; x_wconf 71' lang='lat' dir='ltr'>heredem</span> <span class='ocrx_word' id='word_1_88' title='bbox 380 1463 456 1546; x_wconf 78' lang='lat' dir='ltr'>elie</span> <span class='ocrx_word' id='word_1_89' title='bbox 473 1471 647 1546; x_wconf 78' lang='lat' dir='ltr'>relillarn</span> <span class='ocrx_word' id='word_1_90' title='bbox 659 1471 918 1570; x_wconf 81' lang='lat' dir='ltr'>intelligeret,</span> <span class='ocrx_word' id='word_1_91' title='bbox 941 1493 1071 1570; x_wconf 89' lang='lat' dir='ltr'>neque</span> <span class='ocrx_word' id='word_1_92' title='bbox 1086 1471 1233 1546; x_wconf 78' lang='lat' dir='ltr'>sibimet</span> <span class='ocrx_word' id='word_1_93' title='bbox 1247 1471 1335 1566; x_wconf 90' lang='lat' dir='ltr'>ipli,</span> <span class='ocrx_word' id='word_1_94' title='bbox 1362 1467 1537 1544; x_wconf 76' lang='lat' dir='ltr'><strong>alteriori</strong></span> 
     </span>
     <span class='ocr_line' id='line_1_12' title="bbox 164 1563 1537 1667; baseline -0.001 -26"><span class='ocrx_word' id='word_1_95' title='bbox 164 1568 398 1664; x_wconf 84' lang='lat' dir='ltr'>quodam&amp;</span> <span class='ocrx_word' id='word_1_96' title='bbox 427 1586 529 1667; x_wconf 86' lang='lat' dir='ltr'>pene</span> <span class='ocrx_word' id='word_1_97' title='bbox 557 1569 687 1646; x_wconf 89' lang='lat' dir='ltr'>diuino</span> <span class='ocrx_word' id='word_1_98' title='bbox 713 1569 853 1666; x_wconf 81' lang='lat' dir='ltr'>spiritu</span> <span class='ocrx_word' id='word_1_99' title='bbox 866 1569 969 1644; x_wconf 89' lang='lat' dir='ltr'>intus</span> <span class='ocrx_word' id='word_1_100' title='bbox 982 1571 1206 1664; x_wconf 83' lang='lat' dir='ltr'>excitante,</span> <span class='ocrx_word' id='word_1_101' title='bbox 1233 1563 1382 1656; x_wconf 77' lang='lat' dir='ltr'>decise,</span> <span class='ocrx_word' id='word_1_102' title='bbox 1407 1588 1537 1666; x_wconf 90' lang='lat' dir='ltr'>neque</span> 
     </span>
     <span class='ocr_line' id='line_1_13' title="bbox 163 1667 1536 1766; baseline -0.001 -27"><span class='ocrx_word' id='word_1_103' title='bbox 163 1681 243 1739; x_wconf 91' lang='lat' dir='ltr'>tam</span> <span class='ocrx_word' id='word_1_104' title='bbox 262 1681 586 1762; x_wconf 63' lang='lat' dir='ltr'>oportunam‘tam</span> <span class='ocrx_word' id='word_1_105' title='bbox 615 1667 789 1766; x_wconf 87' lang='lat' dir='ltr'>opulenti</span> <span class='ocrx_word' id='word_1_106' title='bbox 811 1667 919 1766; x_wconf 89' lang='lat' dir='ltr'>regni</span> <span class='ocrx_word' id='word_1_107' title='bbox 947 1667 1175 1765; x_wconf 84' lang='lat' dir='ltr'>acquirendi</span> <span class='ocrx_word' id='word_1_108' title='bbox 1193 1668 1431 1741; x_wconf 80' lang='lat' dir='ltr'>occafionern</span> <span class='ocrx_word' id='word_1_109' title='bbox 1447 1687 1536 1762; x_wconf 80' lang='lat' dir='ltr'>prn-</span> 
     </span>
     <span class='ocr_line' id='line_1_14' title="bbox 165 1761 1650 1842; baseline 0 -5"><span class='ocrx_word' id='word_1_110' title='bbox 165 1761 391 1838; x_wconf 84' lang='lat' dir='ltr'>termittere</span> <span class='ocrx_word' id='word_1_111' title='bbox 413 1764 550 1840; x_wconf 81' lang='lat' dir='ltr'>voluit.</span> <span class='ocrx_word' id='word_1_112' title='bbox 604 1765 695 1842; x_wconf 85' lang='lat' dir='ltr'>Erat</span> <span class='ocrx_word' id='word_1_113' title='bbox 711 1783 842 1841; x_wconf 86' lang='lat' dir='ltr'>autem</span> <span class='ocrx_word' id='word_1_114' title='bbox 864 1765 1023 1841; x_wconf 86' lang='lat' dir='ltr'>Polonia</span> <span class='ocrx_word' id='word_1_115' title='bbox 1036 1767 1110 1841; x_wconf 91' lang='lat' dir='ltr'>iarn</span> <span class='ocrx_word' id='word_1_116' title='bbox 1125 1782 1215 1840; x_wconf 85' lang='lat' dir='ltr'>ante</span> <span class='ocrx_word' id='word_1_117' title='bbox 1229 1766 1274 1838; x_wconf 92' lang='lat' dir='ltr'>ad</span> <span class='ocrx_word' id='word_1_118' title='bbox 1291 1762 1538 1838; x_wconf 88' lang='lat' dir='ltr'>Chrillianam</span> <span class='ocrx_word' id='word_1_119' title='bbox 1646 1776 1650 1785; x_wconf 60' lang='lat'><em>²</em></span> 
     </span>
     <span class='ocr_line' id='line_1_15' title="bbox 163 1849 1537 1962; baseline -0.001 -25"><span class='ocrx_word' id='word_1_120' title='bbox 163 1860 396 1958; x_wconf 78' lang='lat' dir='ltr'>religionem</span> <span class='ocrx_word' id='word_1_121' title='bbox 425 1859 637 1940; x_wconf 80' lang='lat' dir='ltr'>conuersa·</span> <span class='ocrx_word' id='word_1_122' title='bbox 667 1860 782 1938; x_wconf 86' lang='lat' dir='ltr'>Millis</span> <span class='ocrx_word' id='word_1_123' title='bbox 800 1863 933 1962; x_wconf 89' lang='lat' dir='ltr'>itaque</span> <span class='ocrx_word' id='word_1_124' title='bbox 962 1882 1029 1961; x_wconf 85' lang='lat' dir='ltr'>per</span> <span class='ocrx_word' id='word_1_125' title='bbox 1053 1857 1193 1939; x_wconf 84' lang='lat' dir='ltr'>fratres</span> <span class='ocrx_word' id='word_1_126' title='bbox 1215 1849 1341 1951; x_wconf 85' lang='lat' dir='ltr'>suos,&#39;</span> <span class='ocrx_word' id='word_1_127' title='bbox 1356 1877 1537 1960; x_wconf 81' lang='lat' dir='ltr'>tanquam</span> 
     </span>
     <span class='ocr_line' id='line_1_16' title="bbox 163 1957 1534 2059; baseline 0 -25"><span class='ocrx_word' id='word_1_128' title='bbox 163 1957 340 2056; x_wconf 88' lang='lat' dir='ltr'>legatos,</span> <span class='ocrx_word' id='word_1_129' title='bbox 376 1959 494 2057; x_wconf 91' lang='lat' dir='ltr'>regiis</span> <span class='ocrx_word' id='word_1_130' title='bbox 517 1960 759 2053; x_wconf 87' lang='lat' dir='ltr'>muneribus,</span> <span class='ocrx_word' id='word_1_131' title='bbox 785 1957 900 2038; x_wconf 84' lang='lat' dir='ltr'>sacil&#39;e</span> <span class='ocrx_word' id='word_1_132' title='bbox 932 1962 1027 2059; x_wconf 90' lang='lat' dir='ltr'>apud</span> <span class='ocrx_word' id='word_1_133' title='bbox 1051 1961 1113 2048; x_wconf 75' lang='lat' dir='ltr'>un</span> <span class='ocrx_word' id='word_1_134' title='bbox 1144 1981 1275 2037; x_wconf 78' lang='lat' dir='ltr'>w1ouu</span> <span class='ocrx_word' id='word_1_135' title='bbox 1302 1958 1534 2056; x_wconf 73' lang='lat' dir='ltr'>Virginem,</span> 
     </span>
     <span class='ocr_line' id='line_1_17' title="bbox 163 2055 1655 2158; baseline -0.002 -26"><span class='ocrx_word' id='word_1_136' title='bbox 163 2057 239 2132; x_wconf 89' lang='lat' dir='ltr'>iarn</span> <span class='ocrx_word' id='word_1_137' title='bbox 269 2057 681 2155; x_wconf 79' lang='lat' dir='ltr'>inreginamb’olonia</span> <span class='ocrx_word' id='word_1_138' title='bbox 703 2055 879 2146; x_wconf 78' lang='lat' dir='ltr'>unllam,</span> <span class='ocrx_word' id='word_1_139' title='bbox 906 2060 1004 2158; x_wconf 86' lang='lat' dir='ltr'>apud</span> <span class='ocrx_word' id='word_1_140' title='bbox 1026 2060 1108 2133; x_wconf 89' lang='lat' dir='ltr'>Mat</span> <span class='ocrx_word' id='word_1_141' title='bbox 1156 2059 1539 2134; x_wconf 71' lang='lat' dir='ltr'>munierum-niu</span> <span class='ocrx_word' id='word_1_142' title='bbox 1651 2133 1655 2140; x_wconf 71' lang='grc'>,</span> 
     </span>
     <span class='ocr_line' id='line_1_18' title="bbox 164 2154 1682 2256; baseline -0.007 -22"><span class='ocrx_word' id='word_1_143' title='bbox 164 2154 346 2251; x_wconf 83' lang='lat' dir='ltr'>Vagariae</span> <span class='ocrx_word' id='word_1_144' title='bbox 373 2156 566 2256; x_wconf 86' lang='lat' dir='ltr'>reginam,</span> <span class='ocrx_word' id='word_1_145' title='bbox 592 2159 627 2234; x_wconf 73' lang='lat' dir='ltr'>bc</span> <span class='ocrx_word' id='word_1_146' title='bbox 651 2157 825 2256; x_wconf 88' lang='lat' dir='ltr'>reliquos</span> <span class='ocrx_word' id='word_1_147' title='bbox 847 2157 958 2254; x_wconf 89' lang='lat' dir='ltr'>regni</span> <span class='ocrx_word' id='word_1_148' title='bbox 984 2157 1157 2233; x_wconf 88' lang='lat' dir='ltr'>Poloniei</span> <span class='ocrx_word' id='word_1_149' title='bbox 1185 2178 1390 2252; x_wconf 81' lang='lat' dir='ltr'>proceres,</span> <span class='ocrx_word' id='word_1_150' title='bbox 1415 2165 1454 2249; x_wconf 76' lang='lat' dir='ltr'>ra</span> <span class='ocrx_word' id='word_1_151' title='bbox 1476 2155 1540 2226; x_wconf 81' lang='lat' dir='ltr'>ello</span> <span class='ocrx_word' id='word_1_152' title='bbox 1678 2196 1682 2204; x_wconf 78' lang='lat'>,</span> 
     </span>
     <span class='ocr_line' id='line_1_19' title="bbox 168 2251 1539 2351; baseline -0.003 -23"><span class='ocrx_word' id='word_1_153' title='bbox 168 2253 362 2348; x_wconf 80' lang='lat' dir='ltr'>obtinuit,</span> <span class='ocrx_word' id='word_1_154' title='bbox 397 2272 442 2328; x_wconf 91' lang='lat' dir='ltr'>vt</span> <span class='ocrx_word' id='word_1_155' title='bbox 466 2251 581 2330; x_wconf 84' lang='lat' dir='ltr'>afilia</span> <span class='ocrx_word' id='word_1_156' title='bbox 604 2256 644 2329; x_wconf 91' lang='lat' dir='ltr'>in</span> <span class='ocrx_word' id='word_1_157' title='bbox 672 2255 871 2346; x_wconf 84' lang='lat' dir='ltr'>maritum,</span> <span class='ocrx_word' id='word_1_158' title='bbox 900 2271 1066 2330; x_wconf 89' lang='lat' dir='ltr'>amatre</span> <span class='ocrx_word' id='word_1_159' title='bbox 1092 2255 1133 2328; x_wconf 91' lang='lat' dir='ltr'>in</span> <span class='ocrx_word' id='word_1_160' title='bbox 1159 2273 1365 2351; x_wconf 85' lang='lat' dir='ltr'>generum,</span> <span class='ocrx_word' id='word_1_161' title='bbox 1390 2275 1412 2326; x_wconf 84' lang='lat' dir='ltr'>a</span> <span class='ocrx_word' id='word_1_162' title='bbox 1466 2251 1539 2325; x_wconf 90' lang='lat' dir='ltr'>ati·</span> 
     </span>
     <span class='ocr_line' id='line_1_20' title="bbox 165 2349 1539 2452; baseline -0.003 -26"><span class='ocrx_word' id='word_1_163' title='bbox 165 2353 237 2426; x_wconf 89' lang='lat' dir='ltr'>bus</span> <span class='ocrx_word' id='word_1_164' title='bbox 267 2351 436 2448; x_wconf 87' lang='lat' dir='ltr'>denique</span> <span class='ocrx_word' id='word_1_165' title='bbox 457 2353 564 2450; x_wconf 88' lang='lat' dir='ltr'>regni</span> <span class='ocrx_word' id='word_1_166' title='bbox 580 2351 620 2427; x_wconf 85' lang='lat' dir='ltr'>iu</span> <span class='ocrx_word' id='word_1_167' title='bbox 633 2375 764 2448; x_wconf 89' lang='lat' dir='ltr'>regern</span> <span class='ocrx_word' id='word_1_168' title='bbox 778 2355 814 2428; x_wconf 76' lang='lat' dir='ltr'>br</span> <span class='ocrx_word' id='word_1_169' title='bbox 833 2351 1025 2428; x_wconf 87' lang='lat' dir='ltr'>dominum</span> <span class='ocrx_word' id='word_1_170' title='bbox 1041 2367 1331 2452; x_wconf 77' lang='lat' dir='ltr'>acceptaretur:</span> <span class='ocrx_word' id='word_1_171' title='bbox 1353 2365 1435 2425; x_wconf 89' lang='lat' dir='ltr'>turn</span> <span class='ocrx_word' id='word_1_172' title='bbox 1449 2349 1539 2449; x_wconf 88' lang='lat' dir='ltr'>quia</span> 
     </span>
     <span class='ocr_line' id='line_1_21' title="bbox 167 2448 1540 2547; baseline -0.001 -22"><span class='ocrx_word' id='word_1_173' title='bbox 167 2448 384 2525; x_wconf 82' lang='lat' dir='ltr'>Chrillianae</span> <span class='ocrx_word' id='word_1_174' title='bbox 408 2450 497 2526; x_wconf 83' lang='lat' dir='ltr'>lirici</span> <span class='ocrx_word' id='word_1_175' title='bbox 521 2474 567 2526; x_wconf 91' lang='lat' dir='ltr'>ac</span> <span class='ocrx_word' id='word_1_176' title='bbox 589 2449 661 2526; x_wconf 92' lang='lat' dir='ltr'>reli</span> <span class='ocrx_word' id='word_1_177' title='bbox 690 2450 769 2525; x_wconf 87' lang='lat' dir='ltr'>iuni</span> <span class='ocrx_word' id='word_1_178' title='bbox 793 2471 940 2524; x_wconf 88' lang='lat' dir='ltr'>nomeu·</span> <span class='ocrx_word' id='word_1_179' title='bbox 956 2467 1039 2527; x_wconf 87' lang='lat' dir='ltr'>erut</span> <span class='ocrx_word' id='word_1_180' title='bbox 1062 2450 1240 2544; x_wconf 84' lang='lat' dir='ltr'>daturus,</span> <span class='ocrx_word' id='word_1_181' title='bbox 1279 2449 1453 2547; x_wconf 85' lang='lat' dir='ltr'>captiuos</span> <span class='ocrx_word' id='word_1_182' title='bbox 1479 2468 1540 2524; x_wconf 87' lang='lat' dir='ltr'>re·</span> 
     </span>
    </p>

    <p class='ocr_par' dir='ltr' id='par_1_4' title="bbox 115 2472 1663 2745">
     <span class='ocr_line' id='line_1_22' title="bbox 115 2472 1540 2652; baseline -0.003 -28"><span class='ocrx_word' id='word_1_183' title='bbox 115 2561 122 2568; x_wconf 87' lang='grc'><strong><em>·</em></strong></span> <span class='ocrx_word' id='word_1_184' title='bbox 168 2548 367 2624; x_wconf 86' lang='lat' dir='ltr'>llituturus</span> <span class='ocrx_word' id='word_1_185' title='bbox 390 2546 584 2644; x_wconf 81' lang='lat' dir='ltr'>libertati,</span> <span class='ocrx_word' id='word_1_186' title='bbox 607 2549 644 2625; x_wconf 73' lang='lat' dir='ltr'>br</span> <span class='ocrx_word' id='word_1_187' title='bbox 660 2472 851 2624; x_wconf 59' lang='lat' dir='ltr'>fiucaturn</span> <span class='ocrx_word' id='word_1_188' title='bbox 868 2547 1074 2652; x_wconf 81' lang='lat' dir='ltr'>Litlruania</span> <span class='ocrx_word' id='word_1_189' title='bbox 1085 2570 1207 2647; x_wconf 88' lang='lat' dir='ltr'>regno</span> <span class='ocrx_word' id='word_1_190' title='bbox 1223 2548 1387 2622; x_wconf 83' lang='lat' dir='ltr'>Poloniae</span> <span class='ocrx_word' id='word_1_191' title='bbox 1401 2545 1443 2619; x_wconf 90' lang='lat' dir='ltr'>in</span> <span class='ocrx_word' id='word_1_192' title='bbox 1454 2565 1540 2642; x_wconf 90' lang='lat' dir='ltr'>per·</span> 
     </span>
     <span class='ocr_line' id='line_1_23' title="bbox 165 2643 1663 2745; baseline -0.003 -24"><span class='ocrx_word' id='word_1_193' title='bbox 165 2661 327 2744; x_wconf 90' lang='lat' dir='ltr'>petunm</span> <span class='ocrx_word' id='word_1_194' title='bbox 354 2643 550 2738; x_wconf 86' lang='lat' dir='ltr'>vniturus,</span> <span class='ocrx_word' id='word_1_195' title='bbox 591 2648 879 2730; x_wconf 71' lang='lat' dir='ltr'>curvorum,</span> <span class='ocrx_word' id='word_1_196' title='bbox 916 2646 1251 2745; x_wconf 81' lang='lat' dir='ltr'>incorporaturnsr</span> <span class='ocrx_word' id='word_1_197' title='bbox 1289 2643 1540 2738; x_wconf 80' lang='lat' dir='ltr'>tumetium,</span> <span class='ocrx_word' id='word_1_198' title='bbox 1658 2723 1663 2728; x_wconf 61' lang='grc'>,</span> 
     </span>
    </p>

    <p class='ocr_par' dir='ltr' id='par_1_5' title="bbox 170 2739 1661 3140">
     <span class='ocr_line' id='line_1_24' title="bbox 197 2739 1661 2842; baseline -0.003 -23"><span class='ocrx_word' id='word_1_199' title='bbox 197 2743 283 2819; x_wconf 85' lang='lat' dir='ltr'>uod·</span> <span class='ocrx_word' id='word_1_200' title='bbox 297 2743 412 2818; x_wconf 86' lang='lat' dir='ltr'>llatus</span> <span class='ocrx_word' id='word_1_201' title='bbox 433 2741 606 2820; x_wconf 86' lang='lat' dir='ltr'>Pulonici</span> <span class='ocrx_word' id='word_1_202' title='bbox 636 2765 736 2842; x_wconf 90' lang='lat' dir='ltr'>pene</span> <span class='ocrx_word' id='word_1_203' title='bbox 760 2743 954 2819; x_wconf 77' lang='lat' dir='ltr'>continuis</span> <span class='ocrx_word' id='word_1_204' title='bbox 969 2762 1189 2821; x_wconf 86' lang='lat' dir='ltr'>exterarum</span> <span class='ocrx_word' id='word_1_205' title='bbox 1207 2743 1402 2819; x_wconf 88' lang='lat' dir='ltr'>nationum</span> <span class='ocrx_word' id='word_1_206' title='bbox 1416 2739 1541 2815; x_wconf 78' lang='lat' dir='ltr'>incur·</span> <span class='ocrx_word' id='word_1_207' title='bbox 1658 2756 1661 2764; x_wconf 84' lang='grc'><strong><em>·</em></strong></span> 
     </span>
     <span class='ocr_line' id='line_1_25' title="bbox 170 2765 1541 2942; baseline -0.002 -26"><span class='ocrx_word' id='word_1_208' title='bbox 170 2765 334 2916; x_wconf 50' lang='lat' dir='ltr'>{onibus</span> <span class='ocrx_word' id='word_1_209' title='bbox 374 2835 511 2918; x_wconf 88' lang='lat' dir='ltr'>misere</span> <span class='ocrx_word' id='word_1_210' title='bbox 544 2837 676 2919; x_wconf 74' lang='lat' dir='ltr'>uexati</span> <span class='ocrx_word' id='word_1_211' title='bbox 705 2843 945 2939; x_wconf 75' lang='lat' dir='ltr'>pacatius&amp;</span> <span class='ocrx_word' id='word_1_212' title='bbox 972 2842 1140 2941; x_wconf 88' lang='lat' dir='ltr'>quietius</span> <span class='ocrx_word' id='word_1_213' title='bbox 1170 2842 1237 2918; x_wconf 87' lang='lat' dir='ltr'>libi</span> <span class='ocrx_word' id='word_1_214' title='bbox 1261 2840 1541 2942; x_wconf 85' lang='lat' dir='ltr'>pollicebantur</span> 
     </span>
     <span class='ocr_line' id='line_1_26' title="bbox 171 2955 1398 3018; baseline -0.007 -1"><span class='ocrx_word' id='word_1_215' title='bbox 171 2961 213 3017; x_wconf 90' lang='lat' dir='ltr'>re</span> <span class='ocrx_word' id='word_1_216' title='bbox 242 2955 371 3018; x_wconf 72' lang='lat' dir='ltr'>nunu·</span> <span class='ocrx_word' id='word_1_217' title='bbox 1391 2999 1398 3009; x_wconf 88' lang='grc'><strong><em>,</em></strong></span> 
     </span>
     <span class='ocr_line' id='line_1_27' title="bbox 217 2961 1550 3140; baseline -0.004 -29"><span class='ocrx_word' id='word_1_218' title='bbox 217 2961 240 3037; x_wconf 68' lang='lat' dir='ltr'>g</span> <span class='ocrx_word' id='word_1_219' title='bbox 338 3034 472 3112; x_wconf 90' lang='lat' dir='ltr'>Multis</span> <span class='ocrx_word' id='word_1_220' title='bbox 497 3034 564 3111; x_wconf 93' lang='lat' dir='ltr'>ille</span> <span class='ocrx_word' id='word_1_221' title='bbox 593 3036 737 3140; x_wconf 68' lang='lat' dir='ltr'>sagello,</span> <span class='ocrx_word' id='word_1_222' title='bbox 775 3036 836 3113; x_wconf 91' lang='lat' dir='ltr'>cui</span> <span class='ocrx_word' id='word_1_223' title='bbox 865 3037 904 3116; x_wconf 86' lang='lat' dir='ltr'>in</span> <span class='ocrx_word' id='word_1_224' title='bbox 926 3035 1122 3134; x_wconf 57' lang='lat' dir='ltr'>,baptismo</span> <span class='ocrx_word' id='word_1_225' title='bbox 1144 3038 1378 3115; x_wconf 75' lang='lat' dir='ltr'>Vrtursunr</span> <span class='ocrx_word' id='word_1_226' title='bbox 1399 3032 1550 3110; x_wconf 86' lang='lat' dir='ltr'>nomen</span> 
     </span>
    </p>

    <p class='ocr_par' dir='ltr' id='par_1_6' title="bbox 172 3129 1542 3236">
     <span class='ocr_line' id='line_1_28' title="bbox 172 3129 1542 3236; baseline -0.007 -24"><span class='ocrx_word' id='word_1_227' title='bbox 172 3135 228 3212; x_wconf 82' lang='lat' dir='ltr'>est</span> <span class='ocrx_word' id='word_1_228' title='bbox 244 3133 493 3233; x_wconf 80' lang='lat' dir='ltr'>impositum,</span> <span class='ocrx_word' id='word_1_229' title='bbox 523 3138 700 3230; x_wconf 72' lang='lat' dir='ltr'>preclare</span> <span class='ocrx_word' id='word_1_230' title='bbox 726 3135 840 3236; x_wconf 86' lang='lat' dir='ltr'>gellis</span> <span class='ocrx_word' id='word_1_231' title='bbox 869 3136 904 3212; x_wconf 79' lang='lat' dir='ltr'>u</span> <span class='ocrx_word' id='word_1_232' title='bbox 929 3135 1161 3225; x_wconf 82' lang='lat' dir='ltr'>nobilillinris</span> <span class='ocrx_word' id='word_1_233' title='bbox 1177 3133 1420 3212; x_wconf 78' lang='lat' dir='ltr'>affinitatibus</span> <span class='ocrx_word' id='word_1_234' title='bbox 1442 3129 1542 3228; x_wconf 84' lang='lat' dir='ltr'>apud</span> 
     </span>
    </p>

    <p class='ocr_par' dir='ltr' id='par_1_7' title="bbox 171 3230 1541 3330">
     <span class='ocr_line' id='line_1_29' title="bbox 171 3230 1541 3330; baseline -0.007 -20"><span class='ocrx_word' id='word_1_235' title='bbox 171 3235 258 3310; x_wconf 83' lang='lat' dir='ltr'>suos</span> <span class='ocrx_word' id='word_1_236' title='bbox 291 3232 498 3307; x_wconf 89' lang='lat' dir='ltr'>Litbuanos</span> <span class='ocrx_word' id='word_1_237' title='bbox 524 3255 568 3306; x_wconf 93' lang='lat' dir='ltr'>ac</span> <span class='ocrx_word' id='word_1_238' title='bbox 597 3233 782 3328; x_wconf 87' lang='lat' dir='ltr'>Polonos,</span> <span class='ocrx_word' id='word_1_239' title='bbox 815 3249 895 3310; x_wconf 90' lang='lat' dir='ltr'>turn</span> <span class='ocrx_word' id='word_1_240' title='bbox 922 3235 1044 3310; x_wconf 86' lang='lat' dir='ltr'>etiam&#39;</span> <span class='ocrx_word' id='word_1_241' title='bbox 1064 3236 1161 3330; x_wconf 91' lang='lat' dir='ltr'>apud</span> <span class='ocrx_word' id='word_1_242' title='bbox 1180 3251 1337 3309; x_wconf 82' lang='lat' dir='ltr'>exteras</span> <span class='ocrx_word' id='word_1_243' title='bbox 1363 3230 1541 3305; x_wconf 86' lang='lat' dir='ltr'>nationes</span> 
     </span>
    </p>

    <p class='ocr_par' dir='ltr' id='par_1_8' title="bbox 173 3321 1543 3432">
     <span class='ocr_line' id='line_1_30' title="bbox 173 3321 1543 3432; baseline -0.007 -24"><span class='ocrx_word' id='word_1_244' title='bbox 173 3331 324 3409; x_wconf 85' lang='lat' dir='ltr'>claruit.</span> <span class='ocrx_word' id='word_1_245' title='bbox 376 3329 575 3429; x_wconf 82' lang='lat' dir='ltr'>Postquam</span> <span class='ocrx_word' id='word_1_246' title='bbox 603 3331 765 3432; x_wconf 87' lang='lat' dir='ltr'>enimre</span> <span class='ocrx_word' id='word_1_247' title='bbox 795 3332 882 3426; x_wconf 82' lang='lat' dir='ltr'>ina,</span> <span class='ocrx_word' id='word_1_248' title='bbox 906 3355 1106 3432; x_wconf 90' lang='lat' dir='ltr'>regnoque</span> <span class='ocrx_word' id='word_1_249' title='bbox 1131 3329 1312 3407; x_wconf 80' lang='lat' dir='ltr'>l’olooic&#39;o</span> <span class='ocrx_word' id='word_1_250' title='bbox 1326 3329 1471 3427; x_wconf 89' lang='lat' dir='ltr'>potitus</span> <span class='ocrx_word' id='word_1_251' title='bbox 1488 3321 1543 3400; x_wconf 86' lang='lat' dir='ltr'>el·</span> 
     </span>
    </p>

    <p class='ocr_par' dir='ltr' id='par_1_9' title="bbox 173 3353 1543 3532">
     <span class='ocr_line' id='line_1_31' title="bbox 173 3353 1543 3532; baseline -0.007 -25"><span class='ocrx_word' id='word_1_252' title='bbox 173 3430 232 3508; x_wconf 88' lang='lat' dir='ltr'>let</span> <span class='ocrx_word' id='word_1_253' title='bbox 262 3425 459 3513; x_wconf 78' lang='lat' dir='ltr'>feliciter,</span> <span class='ocrx_word' id='word_1_254' title='bbox 488 3427 525 3503; x_wconf 76' lang='lat' dir='ltr'>bt</span> <span class='ocrx_word' id='word_1_255' title='bbox 548 3451 735 3511; x_wconf 80' lang='lat' dir='ltr'>vnacurn</span> <span class='ocrx_word' id='word_1_256' title='bbox 762 3353 940 3507; x_wconf 54' lang='lat' dir='ltr'>lienibus</span> <span class='ocrx_word' id='word_1_257' title='bbox 972 3429 1076 3506; x_wconf 88' lang='lat' dir='ltr'>lacro</span> <span class='ocrx_word' id='word_1_258' title='bbox 1101 3428 1333 3532; x_wconf 77' lang='lat' dir='ltr'>baptismatis</span> <span class='ocrx_word' id='word_1_259' title='bbox 1356 3422 1543 3502; x_wconf 87' lang='lat' dir='ltr'>fonteab·</span> 
     </span>
    </p>

    <p class='ocr_par' dir='ltr' id='par_1_10' title="bbox 171 3521 1680 3629">
     <span class='ocr_line' id='line_1_32' title="bbox 171 3521 1680 3629; baseline -0.008 -22"><span class='ocrx_word' id='word_1_260' title='bbox 171 3530 299 3618; x_wconf 84' lang='lat' dir='ltr'>lutus,</span> <span class='ocrx_word' id='word_1_261' title='bbox 323 3523 497 3604; x_wconf 83' lang='lat' dir='ltr'>reuersus</span> <span class='ocrx_word' id='word_1_262' title='bbox 520 3527 636 3604; x_wconf 87' lang='lat' dir='ltr'>elliu</span> <span class='ocrx_word' id='word_1_263' title='bbox 658 3526 835 3622; x_wconf 89' lang='lat' dir='ltr'>patriam,</span> <span class='ocrx_word' id='word_1_264' title='bbox 860 3528 1135 3629; x_wconf 83' lang='lat' dir='ltr'>gentilismum,</span> <span class='ocrx_word' id='word_1_265' title='bbox 1164 3548 1393 3624; x_wconf 86' lang='lat' dir='ltr'>omnemque</span> <span class='ocrx_word' id='word_1_266' title='bbox 1417 3521 1545 3597; x_wconf 91' lang='lat' dir='ltr'>ldolo·</span> <span class='ocrx_word' id='word_1_267' title='bbox 1678 3598 1680 3605; x_wconf 76' lang='grc'>,</span> 
     </span>
    </p>

    <p class='ocr_par' dir='ltr' id='par_1_11' title="bbox 172 3621 1542 3724">
     <span class='ocr_line' id='line_1_33' title="bbox 172 3621 1542 3724; baseline -0.007 -18"><span class='ocrx_word' id='word_1_268' title='bbox 172 3627 324 3706; x_wconf 85' lang='lat' dir='ltr'>latriam</span> <span class='ocrx_word' id='word_1_269' title='bbox 353 3621 497 3704; x_wconf 87' lang='lat' dir='ltr'>lullulit</span> <span class='ocrx_word' id='word_1_270' title='bbox 520 3623 557 3700; x_wconf 80' lang='lat' dir='ltr'>br</span> <span class='ocrx_word' id='word_1_271' title='bbox 580 3625 829 3724; x_wconf 81' lang='lat' dir='ltr'>exstirpauit,</span> <span class='ocrx_word' id='word_1_272' title='bbox 853 3630 997 3724; x_wconf 87' lang='lat' dir='ltr'>templa</span> <span class='ocrx_word' id='word_1_273' title='bbox 1019 3627 1220 3702; x_wconf 89' lang='lat' dir='ltr'>ldolorum-</span> <span class='ocrx_word' id='word_1_274' title='bbox 1236 3621 1445 3709; x_wconf 82' lang='lat' dir='ltr'>destruxit,</span> <span class='ocrx_word' id='word_1_275' title='bbox 1472 3641 1542 3696; x_wconf 88' lang='lat' dir='ltr'>no·</span> 
     </span>
    </p>

    <p class='ocr_par' dir='ltr' id='par_1_12' title="bbox 91 3719 1863 3826">
     <span class='ocr_line' id='line_1_34' title="bbox 91 3719 1863 3826; baseline -0.004 -24"><span class='ocrx_word' id='word_1_276' title='bbox 91 3761 94 3766; x_wconf 90' lang='lat'>·</span> <span class='ocrx_word' id='word_1_277' title='bbox 175 3749 226 3802; x_wconf 89' lang='lat' dir='ltr'>na</span> <span class='ocrx_word' id='word_1_278' title='bbox 251 3723 466 3810; x_wconf 84' lang='lat' dir='ltr'>exstruxit,</span> <span class='ocrx_word' id='word_1_279' title='bbox 495 3721 696 3817; x_wconf 81' lang='lat' dir='ltr'>&amp;Vilna,</span> <span class='ocrx_word' id='word_1_280' title='bbox 725 3748 806 3826; x_wconf 81' lang='lat' dir='ltr'>qua</span> <span class='ocrx_word' id='word_1_281' title='bbox 827 3727 881 3802; x_wconf 87' lang='lat' dir='ltr'>est</span> <span class='ocrx_word' id='word_1_282' title='bbox 899 3722 1103 3801; x_wconf 85' lang='lat' dir='ltr'>Lithuaniae</span> <span class='ocrx_word' id='word_1_283' title='bbox 1119 3723 1374 3812; x_wconf 77' lang='lat' dir='ltr'>Metropolis,</span> <span class='ocrx_word' id='word_1_284' title='bbox 1400 3719 1544 3795; x_wconf 80' lang='lat' dir='ltr'>Cathe-</span> <span class='ocrx_word' id='word_1_285' title='bbox 1860 3788 1863 3795; x_wconf 86' lang='lat'>.</span> 
     </span>
    </p>

    <p class='ocr_par' dir='ltr' id='par_1_13' title="bbox 176 3817 1764 4122">
     <span class='ocr_line' id='line_1_35' title="bbox 176 3817 1764 3925; baseline -0.008 -24"><span class='ocrx_word' id='word_1_286' title='bbox 176 3823 322 3901; x_wconf 86' lang='lat' dir='ltr'>dralem</span> <span class='ocrx_word' id='word_1_287' title='bbox 360 3820 558 3898; x_wconf 77' lang='lat' dir='ltr'>constituit</span> <span class='ocrx_word' id='word_1_288' title='bbox 592 3821 823 3918; x_wconf 88' lang='lat' dir='ltr'>Eccleliam,</span> <span class='ocrx_word' id='word_1_289' title='bbox 861 3846 1071 3925; x_wconf 88' lang='lat' dir='ltr'>veramque</span> <span class='ocrx_word' id='word_1_290' title='bbox 1100 3822 1280 3899; x_wconf 85' lang='lat' dir='ltr'>fidemne</span> <span class='ocrx_word' id='word_1_291' title='bbox 1314 3817 1547 3915; x_wconf 85' lang='lat' dir='ltr'>religionem·</span> <span class='ocrx_word' id='word_1_292' title='bbox 1634 3850 1640 3860; x_wconf 66' lang='lat'>=</span> <span class='ocrx_word' id='word_1_293' title='bbox 1760 3851 1764 3871; x_wconf 84' lang='lat'><strong>·</strong></span> 
     </span>
     <span class='ocr_line' id='line_1_36' title="bbox 176 3914 1655 4020; baseline -0.008 -21"><span class='ocrx_word' id='word_1_294' title='bbox 176 3923 227 4000; x_wconf 86' lang='lat' dir='ltr'>in&#39;</span> <span class='ocrx_word' id='word_1_295' title='bbox 247 3935 368 3997; x_wconf 89' lang='lat' dir='ltr'>totam</span> <span class='ocrx_word' id='word_1_296' title='bbox 390 3918 627 4012; x_wconf 82' lang='lat' dir='ltr'>Lithuaniam</span> <span class='ocrx_word' id='word_1_297' title='bbox 652 3919 827 4012; x_wconf 86' lang='lat' dir='ltr'>induxit,</span> <span class='ocrx_word' id='word_1_298' title='bbox 851 3921 980 3998; x_wconf 89' lang='lat' dir='ltr'>multis</span> <span class='ocrx_word' id='word_1_299' title='bbox 1002 3920 1094 3998; x_wconf 88' lang='lat' dir='ltr'>viris</span> <span class='ocrx_word' id='word_1_300' title='bbox 1107 3920 1312 4020; x_wconf 77' lang='lat' dir='ltr'>religiosus,</span> <span class='ocrx_word' id='word_1_301' title='bbox 1337 3914 1543 4012; x_wconf 91' lang='lat' dir='ltr'>multisque</span> <span class='ocrx_word' id='word_1_302' title='bbox 1650 3941 1655 3956; x_wconf 65' lang='lat'><em>⁴</em></span> 
     </span>
     <span class='ocr_line' id='line_1_37' title="bbox 177 4013 1547 4122; baseline -0.01 -24"><span class='ocrx_word' id='word_1_303' title='bbox 177 4017 375 4120; x_wconf 87' lang='lat' dir='ltr'>Episcopis</span> <span class='ocrx_word' id='word_1_304' title='bbox 405 4017 452 4094; x_wconf 88' lang='lat' dir='ltr'>ad</span> <span class='ocrx_word' id='word_1_305' title='bbox 481 4039 563 4094; x_wconf 89' lang='lat' dir='ltr'>eam</span> <span class='ocrx_word' id='word_1_306' title='bbox 585 4038 667 4116; x_wconf 86' lang='lat' dir='ltr'>rem</span> <span class='ocrx_word' id='word_1_307' title='bbox 692 4020 1002 4120; x_wconf 86' lang='lat' dir='ltr'>cooperantibus.</span> <span class='ocrx_word' id='word_1_308' title='bbox 1053 4021 1145 4119; x_wconf 83' lang='lat' dir='ltr'>lude</span> <span class='ocrx_word' id='word_1_309' title='bbox 1159 4019 1273 4096; x_wconf 88' lang='lat' dir='ltr'>rebus</span> <span class='ocrx_word' id='word_1_310' title='bbox 1288 4016 1468 4092; x_wconf 82' lang='lat' dir='ltr'>omnibus</span> <span class='ocrx_word' id='word_1_311' title='bbox 1479 4013 1547 4122; x_wconf 69' lang='lat' dir='ltr'>be-</span> 
     </span>
    </p>

    <p class='ocr_par' dir='ltr' id='par_1_14' title="bbox 180 4107 1544 4217">
     <span class='ocr_line' id='line_1_38' title="bbox 180 4107 1544 4217; baseline -0.012 -21"><span class='ocrx_word' id='word_1_312' title='bbox 180 4141 230 4196; x_wconf 92' lang='lat' dir='ltr'>ne</span> <span class='ocrx_word' id='word_1_313' title='bbox 251 4117 492 4210; x_wconf 84' lang='lat' dir='ltr'>constitutis,</span> <span class='ocrx_word' id='word_1_314' title='bbox 519 4111 678 4195; x_wconf 82' lang='lat' dir='ltr'>fratrem</span> <span class='ocrx_word' id='word_1_315' title='bbox 704 4121 953 4197; x_wconf 76' lang='lat' dir='ltr'>Bonusunvnr</span> <span class='ocrx_word' id='word_1_316' title='bbox 978 4118 1185 4196; x_wconf 81' lang='lat' dir='ltr'>Lithuauia</span> <span class='ocrx_word' id='word_1_317' title='bbox 1203 4115 1382 4217; x_wconf 84' lang='lat' dir='ltr'>pralicit,</span> <span class='ocrx_word' id='word_1_318' title='bbox 1405 4107 1544 4208; x_wconf 81' lang='lat' dir='ltr'>ipsein</span> 
     </span>
    </p>
   </div>
   <div class='ocr_carea' id='block_1_3' title="bbox 181 4204 1576 4418">
    <p class='ocr_par' dir='ltr' id='par_1_15' title="bbox 181 4204 1576 4418">
     <span class='ocr_line' id='line_1_39' title="bbox 181 4204 1546 4398; baseline -0.012 -102"><span class='ocrx_word' id='word_1_319' title='bbox 181 4216 377 4299; x_wconf 86' lang='lat' dir='ltr'>Poloniam</span> <span class='ocrx_word' id='word_1_320' title='bbox 400 4235 486 4296; x_wconf 86' lang='lat' dir='ltr'>uum</span> <span class='ocrx_word' id='word_1_321' title='bbox 513 4216 680 4336; x_wconf 74' lang='lat' dir='ltr'>coniuge</span> <span class='ocrx_word' id='word_1_322' title='bbox 710 4218 937 4398; x_wconf 45' lang='lat' dir='ltr'>reueritlitur.</span> <span class='ocrx_word' id='word_1_323' title='bbox 984 4221 1026 4297; x_wconf 90' lang='lat' dir='ltr'>ln</span> <span class='ocrx_word' id='word_1_324' title='bbox 1047 4214 1207 4298; x_wconf 85' lang='lat' dir='ltr'>Polonia</span> <span class='ocrx_word' id='word_1_325' title='bbox 1229 4204 1546 4388; x_wconf 55' lang='lat' dir='ltr'><strong>cneconfflem</strong></span> 
     </span>
     <span class='ocr_line' id='line_1_40' title="bbox 873 4341 1576 4418; baseline -0.001 0"><span class='ocrx_word' id='word_1_326' title='bbox 873 4341 897 4418; x_wconf 75' lang='grc'><em>3</em></span> <span class='ocrx_word' id='word_1_327' title='bbox 1088 4358 1091 4362; x_wconf 88' lang='grc'><em>·</em></span> <span class='ocrx_word' id='word_1_328' title='bbox 1484 4348 1499 4369; x_wconf 90' lang='grc'><em>·</em></span> <span class='ocrx_word' id='word_1_329' title='bbox 1550 4370 1576 4417; x_wconf 86' lang='grc'>·.</span> 
     </span>
    </p>
   </div>
   <div class='ocr_carea' id='block_1_4' title="bbox 0 0 1908 4784">
    <p class='ocr_par' dir='ltr' id='par_1_16' title="bbox 0 0 1908 4784">
     <span class='ocr_line' id='line_1_41' title="bbox 0 0 1908 4784; baseline 0 0"><span class='ocrx_word' id='word_1_330' title='bbox 0 0 1908 4784; x_wconf 95' lang='lat' dir='ltr'> </span> 
     </span>
    </p>
   </div>
  </div>
 </body>
</html>
